%YAML 1.1
%TAG !u! tag:unity3d.com,2011:
--- !u!1 &1136963984519448397
GameObject:
  m_ObjectHideFlags: 0
  m_CorrespondingSourceObject: {fileID: 0}
  m_PrefabInstance: {fileID: 0}
  m_PrefabAsset: {fileID: 0}
  serializedVersion: 6
  m_Component:
  - component: {fileID: 4972330448146194323}
  - component: {fileID: 8083100070677310242}
  - component: {fileID: 1585019911738432296}
  - component: {fileID: 124502364592402028}
  m_Layer: 0
  m_Name: BonusGoldBar
  m_TagString: Untagged
  m_Icon: {fileID: 0}
  m_NavMeshLayer: 0
  m_StaticEditorFlags: 0
  m_IsActive: 1
--- !u!4 &4972330448146194323
Transform:
  m_ObjectHideFlags: 0
  m_CorrespondingSourceObject: {fileID: 0}
  m_PrefabInstance: {fileID: 0}
  m_PrefabAsset: {fileID: 0}
  m_GameObject: {fileID: 1136963984519448397}
  m_LocalRotation: {x: 0, y: 0, z: 0, w: 1}
  m_LocalPosition: {x: 0, y: 0, z: 0}
  m_LocalScale: {x: 1, y: 1, z: 1}
  m_Children:
  - {fileID: 5074611094806252871}
  m_Father: {fileID: 0}
  m_RootOrder: 0
  m_LocalEulerAnglesHint: {x: 0, y: 0, z: 0}
--- !u!54 &8083100070677310242
Rigidbody:
  m_ObjectHideFlags: 0
  m_CorrespondingSourceObject: {fileID: 0}
  m_PrefabInstance: {fileID: 0}
  m_PrefabAsset: {fileID: 0}
  m_GameObject: {fileID: 1136963984519448397}
  serializedVersion: 2
  m_Mass: 1
  m_Drag: 0
  m_AngularDrag: 0.05
  m_UseGravity: 1
  m_IsKinematic: 1
  m_Interpolate: 0
  m_Constraints: 0
  m_CollisionDetection: 0
--- !u!135 &1585019911738432296
SphereCollider:
  m_ObjectHideFlags: 0
  m_CorrespondingSourceObject: {fileID: 0}
  m_PrefabInstance: {fileID: 0}
  m_PrefabAsset: {fileID: 0}
  m_GameObject: {fileID: 1136963984519448397}
  m_Material: {fileID: 0}
  m_IsTrigger: 1
  m_Enabled: 1
  serializedVersion: 2
  m_Radius: 0.56
  m_Center: {x: 0, y: 0.6, z: 0}
--- !u!114 &124502364592402028
MonoBehaviour:
  m_ObjectHideFlags: 0
  m_CorrespondingSourceObject: {fileID: 0}
  m_PrefabInstance: {fileID: 0}
  m_PrefabAsset: {fileID: 0}
  m_GameObject: {fileID: 1136963984519448397}
  m_Enabled: 1
  m_EditorHideFlags: 0
  m_Script: {fileID: 11500000, guid: 11afe137d918e054e9060a56cf5b3fa0, type: 3}
  m_Name: 
  m_EditorClassIdentifier: 
  goldPrefabs:
  - {fileID: 7768684372359538026, guid: e5bf2b61005ea70479c9c356351840ea, type: 3}
  - {fileID: 2485244164589103683, guid: 799e72d37382f744c8b0c52b5a95d9d7, type: 3}
  - {fileID: 7279883575296124176, guid: 789726baa01597b478f39140ca4f6068, type: 3}
--- !u!1001 &5074611094805862343
PrefabInstance:
  m_ObjectHideFlags: 0
  serializedVersion: 2
  m_Modification:
    m_TransformParent: {fileID: 4972330448146194323}
    m_Modifications:
    - target: {fileID: 100000, guid: 0925dc509ee113a47acf581a8283cff1, type: 3}
      propertyPath: m_Name
      value: Props_gold bar
      objectReference: {fileID: 0}
    - target: {fileID: 400000, guid: 0925dc509ee113a47acf581a8283cff1, type: 3}
      propertyPath: m_LocalPosition.x
      value: 0
      objectReference: {fileID: 0}
    - target: {fileID: 400000, guid: 0925dc509ee113a47acf581a8283cff1, type: 3}
      propertyPath: m_LocalPosition.y
      value: 0.571
      objectReference: {fileID: 0}
    - target: {fileID: 400000, guid: 0925dc509ee113a47acf581a8283cff1, type: 3}
      propertyPath: m_LocalPosition.z
      value: -0
      objectReference: {fileID: 0}
    - target: {fileID: 400000, guid: 0925dc509ee113a47acf581a8283cff1, type: 3}
      propertyPath: m_LocalRotation.x
      value: 0.000000021855694
      objectReference: {fileID: 0}
    - target: {fileID: 400000, guid: 0925dc509ee113a47acf581a8283cff1, type: 3}
      propertyPath: m_LocalRotation.y
      value: -0
      objectReference: {fileID: 0}
    - target: {fileID: 400000, guid: 0925dc509ee113a47acf581a8283cff1, type: 3}
      propertyPath: m_LocalRotation.z
      value: -0
      objectReference: {fileID: 0}
    - target: {fileID: 400000, guid: 0925dc509ee113a47acf581a8283cff1, type: 3}
      propertyPath: m_LocalRotation.w
      value: 1
      objectReference: {fileID: 0}
    - target: {fileID: 400000, guid: 0925dc509ee113a47acf581a8283cff1, type: 3}
      propertyPath: m_RootOrder
      value: 0
      objectReference: {fileID: 0}
    - target: {fileID: 400000, guid: 0925dc509ee113a47acf581a8283cff1, type: 3}
      propertyPath: m_LocalEulerAnglesHint.x
      value: 0
      objectReference: {fileID: 0}
    - target: {fileID: 400000, guid: 0925dc509ee113a47acf581a8283cff1, type: 3}
      propertyPath: m_LocalEulerAnglesHint.y
      value: 0
      objectReference: {fileID: 0}
    - target: {fileID: 400000, guid: 0925dc509ee113a47acf581a8283cff1, type: 3}
      propertyPath: m_LocalEulerAnglesHint.z
      value: 0
      objectReference: {fileID: 0}
    - target: {fileID: 2300000, guid: 0925dc509ee113a47acf581a8283cff1, type: 3}
      propertyPath: m_Materials.Array.data[0]
      value: 
      objectReference: {fileID: 2100000, guid: 033b4fcceb4530b4ea2e0f8f80119f5c, type: 2}
    m_RemovedComponents: []
  m_SourcePrefab: {fileID: 100100000, guid: 0925dc509ee113a47acf581a8283cff1, type: 3}
--- !u!4 &5074611094806252871 stripped
Transform:
  m_CorrespondingSourceObject: {fileID: 400000, guid: 0925dc509ee113a47acf581a8283cff1,
    type: 3}
  m_PrefabInstance: {fileID: 5074611094805862343}
  m_PrefabAsset: {fileID: 0}
